\\ *******************************************
\\ *********** Ecological Networks ***********
\\ *******************************************

@article{hinke2004visualizing,
  title={Visualizing the food-web effects of fishing for tunas in the Pacific Ocean},
  author={Hinke, Jefferson and Kaplan, Isaac and Aydin, Kerim and Watters, George and Olson, Robert and Kitchell, James FK},
  journal={Ecology and Society},
  volume={9},
  number={1},
  year={2004},
  publisher={The Resilience Alliance}
}

@inproceedings{harper2006dynamic,
  title={Dynamic Food Webs},
  author={Harper-Smith, Sarah and Berlow, Eric L and Knapp, Roland A and Williams, Richard J and Martinez, Neo D},
  booktitle={Elsevier Inc.},
  year={2006}
}

@misc{lavigne1996cod,
  author={David Lavigne},
  title={Cod Food Web},
  year={1996},
  howpublished = {\url{http://www.visualcomplexity.com/vc/project.cfm?id=47}},
  note = {Accessed: 2017-03-14}
}

@article{baskerville2011spatial,
  title={Spatial guilds in the Serengeti food web revealed by a Bayesian group model},
  author={Baskerville, Edward B and Dobson, Andy P and Bedford, Trevor and Allesina, Stefano and Anderson, T Michael and Pascual, Mercedes},
  journal={PLoS Comput Biol},
  volume={7},
  number={12},
  pages={e1002321},
  year={2011},
  publisher={Public Library of Science},
  url={http://journals.plos.org/ploscompbiol/article?id=10.1371/journal.pcbi.1002321}
}

@misc{baskerville2011interactive,
  title={Serengeti Food Web},
  author={Baskerville, Edward B and Dobson, Andy P and Bedford, Trevor and Allesina, Stefano and Anderson, T Michael and Pascual, Mercedes},
  year={2011},
  howpublished= {\url{http://edbaskerville.com/research/serengeti-food-web/groups-figure3-interactive/}},
  note = {Accessed: 2017-10-18}
}

@article{yodzis1998local,
  title={Local trophodynamics and the interaction of marine mammals and fisheries in the Benguela ecosystem},
  author={Yodzis, Peter},
  journal={Journal of Animal Ecology},
  volume={67},
  number={4},
  pages={635--658},
  year={1998},
  publisher={Wiley Online Library}
}

@article{cohen2003ecological,
  title={Ecological community description using the food web, species abundance, and body size},
  author={Cohen, Joel E and Jonsson, Tomas and Carpenter, Stephen R},
  journal={Proceedings of the National Academy of Sciences},
  volume={100},
  number={4},
  pages={1781--1786},
  year={2003},
  publisher={National Acad Sciences}
}

@misc{kearney2016blog,
  author={Kelly A. Kearney},
  title={Food webs as network graphs},
  year={2016},
  howpublished = {\url{http://kellyakearney.net/2016/01/19/food-webs-as-network-graphs-1.html}},
  note = {Accessed: 2017-03-14}
}

@misc{kearney2017ecopath,
  author={Kelly A. Kearney},
  title={foodwebgraph-pkg},
  year={2017},
  howpublished = {\url{https://github.com/kakearney/foodwebgraph-pkg}},
  note = {Accessed: 2017-03-14}
}

@misc{kearney2017d3,
  author={Kelly A. Kearney},
  title={d3-foodweb},
  year={2017},
  howpublished = {\url{https://github.com/kakearney/d3-foodweb}},
  note = {Accessed: 2017-03-14}
}

@article{benson2016higher,
  title={Higher-order organization of complex networks},
  author={Benson, Austin R and Gleich, David F and Leskovec, Jure},
  journal={Science},
  volume={353},
  number={6295},
  pages={163--166},
  year={2016},
  publisher={American Association for the Advancement of Science}
}

\\ *******************************************
\\ *********** Biological Systems ************
\\ *******************************************

@article{barsky2008cerebral,
  title={Cerebral: Visualizing multiple experimental conditions on a graph with biological context},
  author={Barsky, Aaron and Munzner, Tamara and Gardy, Jennifer and Kincaid, Robert},
  journal={IEEE transactions on visualization and computer graphics},
  volume={14},
  number={6},
  pages={1253--1260},
  year={2008},
  publisher={IEEE}
}

@article{shannon2003cytoscape,
  title={Cytoscape: a software environment for integrated models of biomolecular interaction networks},
  author={Shannon, Paul and Markiel, Andrew and Ozier, Owen and Baliga, Nitin S and Wang, Jonathan T and Ramage, Daniel and Amin, Nada and Schwikowski, Benno and Ideker, Trey},
  journal={Genome research},
  volume={13},
  number={11},
  pages={2498--2504},
  year={2003},
  publisher={Cold Spring Harbor Lab}
}

@article{gehlenborg2010visualization,
  title={Visualization of omics data for systems biology},
  author={Gehlenborg, Nils and O'donoghue, Se{\'a}n I and Baliga, Nitin S and Goesmann, Alexander and Hibbs, Matthew A and Kitano, Hiroaki and Kohlbacher, Oliver and Neuweger, Heiko and Schneider, Reinhard and Tenenbaum, Dan and others},
  journal={Nature methods},
  volume={7},
  pages={S56--S68},
  year={2010},
  publisher={Nature Publishing Group}
}

@article{saraiya2005visualizing,
  title={Visualizing biological pathways: requirements analysis, systems evaluation and research agenda},
  author={Saraiya, Purvi and North, Chris and Duca, Karen},
  journal={Information Visualization},
  volume={4},
  number={3},
  pages={191--205},
  year={2005},
  publisher={SAGE Publications Sage UK: London, England}
}

@article{becker2001graph,
  title={A graph layout algorithm for drawing metabolic pathways},
  author={Becker, Moritz Y and Rojas, Isabel},
  journal={Bioinformatics},
  volume={17},
  number={5},
  pages={461--467},
  year={2001},
  publisher={Oxford Univ Press}
}

\\ *******************************************
\\ ************* Social Networks *************
\\ *******************************************

@article{rothenberg1998using,
  title={Using social network and ethnographic tools to evaluate syphilis transmission},
  author={Rothenberg, Richard B and Sterk, Claire and Toomey, Kathleen E and Potterat, John J and Johnson, David and Schrader, Mark and Hatch, Stefani},
  journal={Sexually transmitted diseases},
  volume={25},
  number={3},
  pages={154--160},
  year={1998},
  publisher={LWW}
}

\\ *******************************************
\\ ************* General Layout **************
\\ *******************************************


@article{herman2000graph,
  title={Graph visualization and navigation in information visualization: A survey},
  author={Herman, Ivan and Melan{\c{c}}on, Guy and Marshall, M Scott},
  journal={IEEE Transactions on visualization and computer graphics},
  volume={6},
  number={1},
  pages={24--43},
  year={2000},
  publisher={IEEE}
}

@inproceedings{eades2010graph,
  title={Graph drawing algorithms},
  author={Eades, Peter and Gutwenger, Carsten and Hong, Seok-Hee and Mutzel, Petra},
  booktitle={Algorithms and theory of computation handbook},
  pages={6--6},
  year={2010},
  organization={Chapman \& Hall/CRC}
}

@misc{WebCoLa,
  title = {cola.js: Constraint-Based Layout in the Browser},
  author={Tim Dwyer},
  year=2017,
  howpublished = {\url{http://marvl.infotech.monash.edu/webcola/}},
  note = {Accessed: 2017-03-12}
}

@inproceedings{ellson2001graphviz,
  title={Graphvizâ€”open source graph drawing tools},
  author={Ellson, John and Gansner, Emden and Koutsofios, Lefteris and North, Stephen C and Woodhull, Gordon},
  booktitle={International Symposium on Graph Drawing},
  pages={483--484},
  year={2001},
  organization={Springer}
}

@article{bastian2009gephi,
  title={Gephi: an open source software for exploring and manipulating networks.},
  author={Bastian, Mathieu and Heymann, Sebastien and Jacomy, Mathieu and others},
  journal={ICWSM},
  volume={8},
  pages={361--362},
  year={2009}
}

@article{bostock:d3,
  title={{D3: Data-Driven Documents}},
  author={Bostock, Michael and Ogievetsky, Vadim and Heer, Jeffrey},
  journal={IEEE Trans. Visualization \& Comp. Graphics},
  volume={17},
  number={12},
  pages={2301--2309},
  year={2011},
  publisher={IEEE}
}

@article{kieffer2016hola,
  title={Hola: Human-like orthogonal network layout},
  author={Kieffer, Steve and Dwyer, Tim and Marriott, Kim and Wybrow, Michael},
  journal={IEEE transactions on visualization and computer graphics},
  volume={22},
  number={1},
  pages={349--358},
  year={2016},
  publisher={IEEE}
}

@inproceedings{kieffer2013incremental,
  title={Incremental Grid-Like Layout Using Soft and Hard Constraints.},
  author={Kieffer, Steve and Dwyer, Tim and Marriott, Kim and Wybrow, Michael},
  booktitle={Graph Drawing},
  pages={448--459},
  year={2013}
}

@inproceedings{dwyer2008dunnart,
  title={Dunnart: A constraint-based network diagram authoring tool},
  author={Dwyer, Tim and Marriott, Kim and Wybrow, Michael},
  booktitle={International Symposium on Graph Drawing},
  pages={420--431},
  year={2008},
  organization={Springer}
}