\\ *******************************************
\\ *********** Biological Systems ************
\\ *******************************************

@article{barsky2008cerebral,
  title={Cerebral: Visualizing multiple experimental conditions on a graph with biological context},
  author={Barsky, Aaron and Munzner, Tamara and Gardy, Jennifer and Kincaid, Robert},
  journal={IEEE transactions on visualization and computer graphics},
  volume={14},
  number={6},
  pages={1253--1260},
  year={2008},
  publisher={IEEE}
}

@article{breuer2012innatedb,
  title={InnateDB: systems biology of innate immunity and beyond-recent updates and continuing curation},
  author={Breuer, Karin and Foroushani, Amir K and Laird, Matthew R and Chen, Carol and Sribnaia, Anastasia and Lo, Raymond and Winsor, Geoffrey L and Hancock, Robert EW and Brinkman, Fiona SL and Lynn, David J},
  journal={Nucleic acids research},
  volume={41},
  number={D1},
  pages={D1228--D1233},
  year={2012},
  publisher={Oxford University Press}
}

@misc{innatedb:tlr4,
  author={InnateDB},
  title={Homo sapiens Gene: TLR4},
  year={2014},
  howpublished = {\url{http://www.innatedb.com/getGeneCard.do?id=82738}},
  note = {Accessed: 2018-03-12}
}

@misc{innatedb:mapk1,
  author={InnateDB},
  title={Homo sapiens Gene: MAPK1},
  year={2014},
  howpublished = {\url{http://www.innatedb.com/getGeneCard.do?id=2147}},
  note = {Accessed: 2018-03-12}
}

@misc{innatedb:nod,
  author={InnateDB},
  title={NOD-like Receptor Signaling Pathway},
  year={2018},
  howpublished = {\url{http://www.innatedb.com/interactionSearch.do?from=pw&exPathwayXref=8112&pathwayFilter=&pathwayXrefDB=&pathwayXref=&listType=interaction&coreInteractors=true}},
  note = {Accessed: 2018-03-12}
}

@misc{innatedb:ddx58,
  author={InnateDB},
  title={Homo sapiens Gene: DDX58},
  year={2014},
  howpublished = {\url{http://www.innatedb.com/getGeneCard.do?id=55854}},
  note = {Accessed: 2018-03-12}
}
