@article{scott1988social,
  title={Social network analysis},
  author={Scott, John},
  journal={Sociology},
  volume={22},
  number={1},
  pages={109--127},
  year={1988},
  publisher={Sage publications}
}

@article{barsky2007cerebral,
  title={Cerebral: a Cytoscape plugin for layout of and interaction with biological networks using subcellular localization annotation},
  author={Barsky, Aaron and Gardy, Jennifer L and Hancock, Robert EW and Munzner, Tamara},
  journal={Bioinformatics},
  volume={23},
  number={8},
  pages={1040--1042},
  year={2007},
  publisher={Oxford Univ Press}
}

@article{hinke2004visualizing,
  title={Visualizing the food-web effects of fishing for tunas in the Pacific Ocean},
  author={Hinke, Jefferson and Kaplan, Isaac and Aydin, Kerim and Watters, George and Olson, Robert and Kitchell, James FK},
  journal={Ecology and Society},
  volume={9},
  number={1},
  year={2004},
  publisher={The Resilience Alliance}
}

@inproceedings{harper2006dynamic,
  title={Dynamic Food Webs},
  author={Harper-Smith, Sarah and Berlow, Eric L and Knapp, Roland A and Williams, Richard J and Martinez, Neo D},
  booktitle={Elsevier Inc.},
  year={2006}
}

@misc{WebCoLa,
  title = {cola.js: Constraint-Based Layout in the Browser},
  author={Tim Dwyer},
  year=2017,
  howpublished = {\url{http://marvl.infotech.monash.edu/webcola/}},
  note = {Accessed: 2017-03-12}
}

@article{bostock:d3,
  title={{D3: Data-Driven Documents}},
  author={Bostock, Michael and Ogievetsky, Vadim and Heer, Jeffrey},
  journal={IEEE Trans. Visualization \& Comp. Graphics},
  volume={17},
  number={12},
  pages={2301--2309},
  year={2011},
  publisher={IEEE}
}